@article{learnerawareteaching19,
  author    = {Sebastian Tschiatschek and
               Ahana Ghosh and
               Luis Haug and
               Rati Devidze and
               Adish Singla},
  title     = {Learner-aware Teaching: Inverse Reinforcement Learning with Preferences
               and Constraints},
  journal   = {CoRR},
  volume    = {abs/1906.00429},
  year      = {2019}
}
